@Misc{ansible,
  title = {{Why Ansible?}},
  note = {\url{https://www.ansible.com/overview/it-automation}},
}

@Misc{ansible2,
  title = {{How Ansible Works}},
  note = {\url{https://www.ansible.com/overview/how-ansible-works}},
}

@Misc{intro_ansible,
  title = {{Intro to Playbooks}},
  note = {\url{https://docs.ansible.com/ansible/latest/user_guide/playbooks_intro.html}},
}

@Misc{inventory_ansible,
  title = {{How to build your inventory}},
  note = {\url{https://docs.ansible.com/ansible/latest/user_guide/intro_inventory.html}},
}

@Misc{variables_ansible,
  title = {{Using Variables}},
  note = {\url{https://docs.ansible.com/ansible/latest/user_guide/playbooks_variables.html}},
}

@Misc{import_playbook,
  title = {{Import a playbook}},
  note = {\url{https://docs.ansible.com/ansible/latest/modules/import_playbook_module.html}},
}

@Misc{ansible_roles,
  title = {{Roles}},
  note = {\url{https://docs.ansible.com/ansible/latest/user_guide/playbooks_reuse_roles.html}},
}

